
@article{HAYAKAWA2000827,
	author = {Hiroshi Hayakawa and Paul S. Fischbeck and Baruch Fischhoff},
	journal = {Accident Analysis & Prevention},
	number = {6},
	pages = {827-835},
	title = {Traffic accident statistics and risk perceptions in Japan and the United States},
	volume = {32},
	year = {2000}}

@article{keep2013reported,
  title={Reported road accident statistics},
  author={Keep, Matthew and Rutherford, Tom},
  journal={Commons Library Standard Note, SN/SG/2198},
  year={2013}
}

@article{renouf1991car,
  title={A car accident injury database: overview and analyses of entrapment and ejection},
  author={Renouf, MA},
  year={1991}
}

@article{stonex1965single,
  title={The Single-Car Accident Problem},
  author={Stonex, KA},
  journal={SAE Transactions},
  pages={220--254},
  year={1965},
  publisher={JSTOR}
}

@article{kingham2011impact,
  title={The impact of the ‘school run’on road traffic accidents: A spatio-temporal analysis},
  author={Kingham, Simon and Sabel, Clive E and Bartie, Phil},
  journal={Journal of transport geography},
  volume={19},
  number={4},
  pages={705--711},
  year={2011},
  publisher={Elsevier}
}

@inproceedings{barba2012smart,
  title={Smart city for VANETs using warning messages, traffic statistics and intelligent traffic lights},
  author={Barba, Carolina Tripp and Mateos, Miguel Angel and Soto, Pablo Reganas and Mezher, Ahmad Mohamad and Igartua, M{\'o}nica Aguilar},
  booktitle={2012 IEEE intelligent vehicles symposium},
  pages={902--907},
  year={2012},
  organization={IEEE}
}

@article{marzoug2018impact,
  title={Impact of traffic lights on car accidents at intersections},
  author={Marzoug, R and Lakouari, N and Oubram, O and Ez-Zahraouy, H and Khallouk, A and Lim{\'o}n-Mendoza, M and Vera-Dimas, JG},
  journal={International Journal of Modern Physics C},
  volume={29},
  number={12},
  pages={1850121},
  year={2018},
  publisher={World Scientific}
}